[gd_scene load_steps=23 format=2]

[ext_resource path="res://Scripts/Nodes/LevelManager/LevelManager.gd" type="Script" id=1]
[ext_resource path="res://External/CRTRect.shader" type="Shader" id=2]
[ext_resource path="res://Scripts/Nodes/Entities/Player/Camera.gd" type="Script" id=3]
[ext_resource path="res://Fonts/HUDFont.tres" type="DynamicFont" id=4]
[ext_resource path="res://Scripts/Nodes/LevelManager/LevelLoader.gd" type="Script" id=5]
[ext_resource path="res://Scenes/Entities/Player.tscn" type="PackedScene" id=6]
[ext_resource path="res://Scripts/Nodes/UI/BindingTextReplacer.gd" type="Script" id=7]
[ext_resource path="res://Scripts/Nodes/UI/FPSDisplay.gd" type="Script" id=8]
[ext_resource path="res://Scripts/Nodes/VisualEffects/CRTEffectManager.gd" type="Script" id=9]
[ext_resource path="res://External/ColorBlindnessManager/ColorBlindnessManager.gd" type="Script" id=10]
[ext_resource path="res://External/ColorBlindnessManager/ColorBlindness.shader" type="Shader" id=11]
[ext_resource path="res://Scripts/Nodes/VisualEffects/GradientColorShifter.gd" type="Script" id=12]
[ext_resource path="res://Assets/Fonts/GNUTypewriter.otf" type="DynamicFontData" id=13]
[ext_resource path="res://Scenes/UI/PauseMenu.tscn" type="PackedScene" id=14]
[ext_resource path="res://Scripts/Nodes/GameplayManager.gd" type="Script" id=16]
[ext_resource path="res://Scripts/Nodes/VisualEffects/ColorShifter.gd" type="Script" id=17]

[sub_resource type="ShaderMaterial" id=1]
shader = ExtResource( 2 )
shader_param/screen_width = 1280.0
shader_param/screen_height = 720.0
shader_param/BarrelPower = 1.05
shader_param/color_bleeding = 1.2
shader_param/bleeding_range_x = 3.0
shader_param/bleeding_range_y = 3.0
shader_param/lines_distance = 4.0
shader_param/scan_size = 2.0
shader_param/scanline_alpha = 0.9
shader_param/lines_velocity = 10.0

[sub_resource type="Gradient" id=2]
colors = PoolColorArray( 1, 1, 1, 1, 0.588235, 0.588235, 0.588235, 1 )

[sub_resource type="GradientTexture" id=3]
gradient = SubResource( 2 )
width = 720

[sub_resource type="ShaderMaterial" id=4]
shader = ExtResource( 11 )
shader_param/type = 0

[sub_resource type="DynamicFont" id=5]
size = 128
outline_size = 10
outline_color = Color( 0, 0, 0, 1 )
use_mipmaps = true
use_filter = true
font_data = ExtResource( 13 )

[sub_resource type="DynamicFont" id=6]
size = 64
outline_size = 8
outline_color = Color( 0, 0, 0, 1 )
use_filter = true
font_data = ExtResource( 13 )

[node name="GameplayManager" type="Node"]
script = ExtResource( 16 )

[node name="CRTEffectManager" type="CanvasLayer" parent="."]
layer = 127
script = ExtResource( 9 )

[node name="ColorRect" type="ColorRect" parent="CRTEffectManager"]
visible = false
material = SubResource( 1 )
margin_right = 1280.0
margin_bottom = 720.0
__meta__ = {
"_edit_use_anchors_": false
}

[node name="BackgroundCanvas" type="CanvasLayer" parent="."]
layer = -100

[node name="BGRect" type="TextureRect" parent="BackgroundCanvas"]
visible = false
margin_top = 720.0
margin_right = 720.0
margin_bottom = 2000.0
rect_rotation = 270.0
texture = SubResource( 3 )
expand = true
script = ExtResource( 12 )
__meta__ = {
"_edit_use_anchors_": false
}

[node name="ColorBlindnessManager" type="CanvasLayer" parent="."]
layer = 128
script = ExtResource( 10 )

[node name="ColorRect" type="ColorRect" parent="ColorBlindnessManager"]
visible = false
material = SubResource( 4 )
margin_right = 1280.0
margin_bottom = 720.0
__meta__ = {
"_edit_use_anchors_": false
}

[node name="TopCanvasLayer" type="CanvasLayer" parent="."]
layer = 125

[node name="FPSDisplay" type="Node2D" parent="TopCanvasLayer"]
script = ExtResource( 8 )

[node name="Label" type="RichTextLabel" parent="TopCanvasLayer/FPSDisplay"]
margin_top = 10.0
margin_right = 1280.0
margin_bottom = 60.0
custom_fonts/normal_font = ExtResource( 4 )
bbcode_enabled = true
bbcode_text = "[center]FPS: ???"
text = "FPS: ???"
__meta__ = {
"_edit_use_anchors_": false
}

[node name="LoadingScreen" type="Control" parent="TopCanvasLayer"]
anchor_right = 1.0
anchor_bottom = 1.0
__meta__ = {
"_edit_use_anchors_": false
}

[node name="BGRect1" type="ColorRect" parent="TopCanvasLayer/LoadingScreen"]
anchor_right = 1.0
anchor_bottom = 1.0
color = Color( 0.431373, 0.431373, 0.431373, 1 )
__meta__ = {
"_edit_use_anchors_": false
}

[node name="BGRect2" type="ColorRect" parent="TopCanvasLayer/LoadingScreen"]
anchor_right = 1.0
anchor_bottom = 1.0
__meta__ = {
"_edit_use_anchors_": false
}

[node name="ColorShifter" type="Node" parent="TopCanvasLayer/LoadingScreen/BGRect2"]
script = ExtResource( 17 )
minimumDuration = 1.0
maximumDuration = 2.0
alpha = 0.2
nodeType = 1

[node name="FGRect" type="ColorRect" parent="TopCanvasLayer/LoadingScreen"]
anchor_right = 1.0
anchor_bottom = 1.0
margin_left = 20.0
margin_top = 20.0
margin_right = -20.0
margin_bottom = -20.0
color = Color( 0, 0, 0, 0.392157 )
__meta__ = {
"_edit_use_anchors_": false
}

[node name="Label" type="RichTextLabel" parent="TopCanvasLayer/LoadingScreen"]
anchor_right = 1.0
anchor_bottom = 1.0
margin_top = 260.0
custom_fonts/normal_font = SubResource( 5 )
bbcode_enabled = true
bbcode_text = "[center][wave][rainbow freq=0.5]LOADING...[/rainbow]"
text = "LOADING..."
__meta__ = {
"_edit_use_anchors_": false
}

[node name="PauseCanvasLayer" type="CanvasLayer" parent="."]
layer = 128

[node name="PauseMenu" parent="PauseCanvasLayer" instance=ExtResource( 14 )]
pause_mode = 2
visible = false

[node name="Camera" type="Camera2D" parent="PauseCanvasLayer/PauseMenu"]
anchor_mode = 0
__meta__ = {
"_edit_lock_": true
}

[node name="LevelManager" type="Node" parent="."]
script = ExtResource( 1 )

[node name="LevelLoader" type="Node" parent="LevelManager"]
script = ExtResource( 5 )

[node name="CanvasLayer" type="CanvasLayer" parent="LevelManager"]
layer = 126

[node name="Tween" type="Tween" parent="LevelManager/CanvasLayer"]

[node name="BGRect" type="ColorRect" parent="LevelManager/CanvasLayer"]
visible = false
anchor_right = 1.0
anchor_bottom = 1.0
color = Color( 0.211765, 0.211765, 0.211765, 1 )
__meta__ = {
"_edit_use_anchors_": false
}

[node name="BindingTextReplacer" type="Control" parent="LevelManager/CanvasLayer"]
script = ExtResource( 7 )
__meta__ = {
"_edit_use_anchors_": false
}

[node name="Label" type="RichTextLabel" parent="LevelManager/CanvasLayer/BindingTextReplacer"]
visible = false
margin_left = 80.0
margin_top = 100.0
margin_right = 1280.0
margin_bottom = 600.0
custom_fonts/normal_font = SubResource( 6 )
bbcode_enabled = true
bbcode_text = " Next level:     (J)

 Restart level:  (L)

 Change level:   (R)"
text = " Next level:     (J)

 Restart level:  (L)

 Change level:   (R)"
__meta__ = {
"_edit_use_anchors_": false
}

[node name="PlayerDeathTimer" type="Timer" parent="LevelManager"]

[node name="Player" parent="." instance=ExtResource( 6 )]
position = Vector2( 0, 350 )

[node name="Camera" type="Camera2D" parent="Player"]
offset = Vector2( 0, -50 )
current = true
limit_left = -500
script = ExtResource( 3 )
__meta__ = {
"_edit_lock_": true
}
