[gd_scene load_steps=93 format=2]

[ext_resource path="res://Scripts/Nodes/Entities/Player/Player.gd" type="Script" id=1]
[ext_resource path="res://Scripts/Nodes/Entities/Player/States/Idle.gd" type="Script" id=2]
[ext_resource path="res://Scripts/Nodes/Entities/Player/DashManager.gd" type="Script" id=3]
[ext_resource path="res://Scripts/Nodes/Entities/Player/States/Running.gd" type="Script" id=4]
[ext_resource path="res://Scripts/Nodes/Entities/Player/States/WallJumpStart2.gd" type="Script" id=5]
[ext_resource path="res://Scripts/Nodes/Entities/Player/PowerUpFSM.gd" type="Script" id=6]
[ext_resource path="res://Scripts/Nodes/Entities/Player/States/NormalJumpStart.gd" type="Script" id=7]
[ext_resource path="res://Assets/Sprites/Player/NoOutline/Rolling/0006.png" type="Texture" id=8]
[ext_resource path="res://Assets/Sprites/Player/NoOutline/Rolling/0004.png" type="Texture" id=9]
[ext_resource path="res://Scripts/Nodes/Entities/Player/States/Falling.gd" type="Script" id=10]
[ext_resource path="res://Scripts/Nodes/Entities/Player/States/WallSliding.gd" type="Script" id=11]
[ext_resource path="res://Scripts/Nodes/Entities/Player/States/Sliding.gd" type="Script" id=12]
[ext_resource path="res://Scripts/Nodes/Entities/Player/Visuals/AnimationManager.gd" type="Script" id=13]
[ext_resource path="res://Assets/Sprites/Player/NoOutline/Rolling/0003.png" type="Texture" id=14]
[ext_resource path="res://Scripts/Nodes/Entities/Player/CollisionManager.gd" type="Script" id=15]
[ext_resource path="res://Scripts/Nodes/Entities/Player/States/Crouching.gd" type="Script" id=16]
[ext_resource path="res://Scripts/Nodes/Entities/Player/TrailManager.gd" type="Script" id=17]
[ext_resource path="res://Scripts/Nodes/Entities/Player/States/WallJumpStart1.gd" type="Script" id=18]
[ext_resource path="res://Scripts/Nodes/Entities/Player/States/JumpContinue.gd" type="Script" id=19]
[ext_resource path="res://Assets/Sprites/Player/NoOutline/Rolling/0001.png" type="Texture" id=20]
[ext_resource path="res://Assets/Sprites/Player/NoOutline/Rolling/0002.png" type="Texture" id=21]
[ext_resource path="res://Assets/Sprites/Player/NoOutline/Rolling/0005.png" type="Texture" id=22]
[ext_resource path="res://Assets/Sprites/Player/NoOutline/Rolling/0008.png" type="Texture" id=23]
[ext_resource path="res://Assets/Sprites/Player/NoOutline/Rolling/0007.png" type="Texture" id=24]
[ext_resource path="res://Assets/Sprites/Player/NoOutline/Rolling/0009.png" type="Texture" id=25]
[ext_resource path="res://Assets/Sprites/Player/NoOutline/Rolling/0010.png" type="Texture" id=26]
[ext_resource path="res://Assets/Sprites/Player/NoOutline/Rolling/0011.png" type="Texture" id=27]
[ext_resource path="res://Assets/Sprites/Player/NoOutline/Rolling/0012.png" type="Texture" id=28]
[ext_resource path="res://Assets/Sprites/Player/NoOutline/Rolling/0013.png" type="Texture" id=29]
[ext_resource path="res://Assets/Sprites/Player/NoOutline/Rolling/0014.png" type="Texture" id=30]
[ext_resource path="res://Assets/Sprites/Player/NoOutline/Rolling/0015.png" type="Texture" id=31]
[ext_resource path="res://Assets/Sprites/Player/NoOutline/Rolling/0016.png" type="Texture" id=32]
[ext_resource path="res://Assets/Sprites/Player/NoOutline/Rolling/0017.png" type="Texture" id=33]
[ext_resource path="res://Assets/Sprites/Player/NoOutline/Rolling/0018.png" type="Texture" id=34]
[ext_resource path="res://Assets/Sprites/Player/NoOutline/Rolling/0019.png" type="Texture" id=35]
[ext_resource path="res://Assets/Sprites/Player/NoOutline/Rolling/0020.png" type="Texture" id=36]
[ext_resource path="res://Assets/Sprites/Player/NoOutline/Rolling/0021.png" type="Texture" id=37]
[ext_resource path="res://Assets/Sprites/Player/NoOutline/Rolling/0022.png" type="Texture" id=38]
[ext_resource path="res://Assets/Sprites/Player/NoOutline/Rolling/0023.png" type="Texture" id=39]
[ext_resource path="res://Assets/Sprites/Player/NoOutline/Rolling/0024.png" type="Texture" id=40]
[ext_resource path="res://Assets/Sprites/Player/NoOutline/Rolling/0025.png" type="Texture" id=41]
[ext_resource path="res://Assets/Sprites/Player/NoOutline/Rolling/0026.png" type="Texture" id=42]
[ext_resource path="res://Assets/Sprites/Player/NoOutline/Rolling/0027.png" type="Texture" id=43]
[ext_resource path="res://Assets/Sprites/Player/NoOutline/Rolling/0028.png" type="Texture" id=44]
[ext_resource path="res://Assets/Sprites/Player/NoOutline/Rolling/0029.png" type="Texture" id=45]
[ext_resource path="res://Assets/Sprites/Player/NoOutline/Rolling/0030.png" type="Texture" id=46]
[ext_resource path="res://Assets/Sprites/Player/NoOutline/Sliding/0003.png" type="Texture" id=47]
[ext_resource path="res://Assets/Sprites/Player/NoOutline/Sliding/0002.png" type="Texture" id=48]
[ext_resource path="res://Assets/Sprites/Player/NoOutline/Sliding/0001.png" type="Texture" id=49]
[ext_resource path="res://Assets/Sprites/Player/NoOutline/Sliding/0004.png" type="Texture" id=50]
[ext_resource path="res://Assets/Sprites/Player/NoOutline/Sliding/0005.png" type="Texture" id=51]
[ext_resource path="res://Assets/Sprites/Player/Outline/Sliding/0005.png" type="Texture" id=52]
[ext_resource path="res://Assets/Sprites/Player/Outline/Sliding/0002.png" type="Texture" id=53]
[ext_resource path="res://Assets/Sprites/Player/Outline/Sliding/0004.png" type="Texture" id=54]
[ext_resource path="res://Assets/Sprites/Player/Outline/Sliding/0001.png" type="Texture" id=55]
[ext_resource path="res://Assets/Sprites/Player/Outline/Sliding/0003.png" type="Texture" id=56]
[ext_resource path="res://Assets/Sprites/Player/Outline/Rolling/0001.png" type="Texture" id=57]
[ext_resource path="res://Assets/Sprites/Player/Outline/Rolling/0005.png" type="Texture" id=58]
[ext_resource path="res://Assets/Sprites/Player/Outline/Rolling/0003.png" type="Texture" id=59]
[ext_resource path="res://Assets/Sprites/Player/Outline/Rolling/0004.png" type="Texture" id=60]
[ext_resource path="res://Assets/Sprites/Player/Outline/Rolling/0002.png" type="Texture" id=61]
[ext_resource path="res://Assets/Sprites/Player/Outline/Rolling/0006.png" type="Texture" id=62]
[ext_resource path="res://Assets/Sprites/Player/Outline/Rolling/0007.png" type="Texture" id=63]
[ext_resource path="res://Assets/Sprites/Player/Outline/Rolling/0008.png" type="Texture" id=64]
[ext_resource path="res://Assets/Sprites/Player/Outline/Rolling/0009.png" type="Texture" id=65]
[ext_resource path="res://Assets/Sprites/Player/Outline/Rolling/0010.png" type="Texture" id=66]
[ext_resource path="res://Assets/Sprites/Player/Outline/Rolling/0011.png" type="Texture" id=67]
[ext_resource path="res://Assets/Sprites/Player/Outline/Rolling/0012.png" type="Texture" id=68]
[ext_resource path="res://Assets/Sprites/Player/Outline/Rolling/0013.png" type="Texture" id=69]
[ext_resource path="res://Assets/Sprites/Player/Outline/Rolling/0014.png" type="Texture" id=70]
[ext_resource path="res://Assets/Sprites/Player/Outline/Rolling/0015.png" type="Texture" id=71]
[ext_resource path="res://Assets/Sprites/Player/Outline/Rolling/0016.png" type="Texture" id=72]
[ext_resource path="res://Assets/Sprites/Player/Outline/Rolling/0017.png" type="Texture" id=73]
[ext_resource path="res://Assets/Sprites/Player/Outline/Rolling/0019.png" type="Texture" id=74]
[ext_resource path="res://Assets/Sprites/Player/Outline/Rolling/0018.png" type="Texture" id=75]
[ext_resource path="res://Assets/Sprites/Player/Outline/Rolling/0020.png" type="Texture" id=76]
[ext_resource path="res://Assets/Sprites/Player/Outline/Rolling/0021.png" type="Texture" id=77]
[ext_resource path="res://Assets/Sprites/Player/Outline/Rolling/0022.png" type="Texture" id=78]
[ext_resource path="res://Assets/Sprites/Player/Outline/Rolling/0023.png" type="Texture" id=79]
[ext_resource path="res://Assets/Sprites/Player/Outline/Rolling/0024.png" type="Texture" id=80]
[ext_resource path="res://Assets/Sprites/Player/Outline/Rolling/0025.png" type="Texture" id=81]
[ext_resource path="res://Assets/Sprites/Player/Outline/Rolling/0026.png" type="Texture" id=82]
[ext_resource path="res://Assets/Sprites/Player/Outline/Rolling/0027.png" type="Texture" id=83]
[ext_resource path="res://Assets/Sprites/Player/Outline/Rolling/0028.png" type="Texture" id=84]
[ext_resource path="res://Assets/Sprites/Player/Outline/Rolling/0029.png" type="Texture" id=85]
[ext_resource path="res://Assets/Sprites/Player/Outline/Rolling/0030.png" type="Texture" id=86]
[ext_resource path="res://Scripts/Nodes/Entities/Player/Visuals/SquishManager.gd" type="Script" id=87]
[ext_resource path="res://Scripts/Nodes/Entities/Player/SlowdownManager.gd" type="Script" id=88]

[sub_resource type="SpriteFrames" id=1]
animations = [ {
"frames": [ ExtResource( 57 ), ExtResource( 61 ), ExtResource( 59 ), ExtResource( 60 ), ExtResource( 58 ), ExtResource( 62 ), ExtResource( 63 ), ExtResource( 64 ), ExtResource( 65 ), ExtResource( 66 ), ExtResource( 67 ), ExtResource( 68 ), ExtResource( 69 ), ExtResource( 70 ), ExtResource( 71 ), ExtResource( 72 ), ExtResource( 73 ), ExtResource( 75 ), ExtResource( 74 ), ExtResource( 76 ), ExtResource( 77 ), ExtResource( 78 ), ExtResource( 79 ), ExtResource( 80 ), ExtResource( 81 ), ExtResource( 82 ), ExtResource( 83 ), ExtResource( 84 ), ExtResource( 85 ), ExtResource( 86 ) ],
"loop": true,
"name": "Rolling",
"speed": 36.0
}, {
"frames": [ ExtResource( 52 ) ],
"loop": false,
"name": "Crouching",
"speed": 0.0
}, {
"frames": [ ExtResource( 55 ), ExtResource( 53 ), ExtResource( 56 ), ExtResource( 54 ), ExtResource( 52 ) ],
"loop": false,
"name": "Sliding",
"speed": 24.0
} ]

[sub_resource type="SpriteFrames" id=2]
animations = [ {
"frames": [ ExtResource( 20 ), ExtResource( 21 ), ExtResource( 14 ), ExtResource( 9 ), ExtResource( 22 ), ExtResource( 8 ), ExtResource( 24 ), ExtResource( 23 ), ExtResource( 25 ), ExtResource( 26 ), ExtResource( 27 ), ExtResource( 28 ), ExtResource( 29 ), ExtResource( 30 ), ExtResource( 31 ), ExtResource( 32 ), ExtResource( 33 ), ExtResource( 34 ), ExtResource( 35 ), ExtResource( 36 ), ExtResource( 37 ), ExtResource( 38 ), ExtResource( 39 ), ExtResource( 40 ), ExtResource( 41 ), ExtResource( 42 ), ExtResource( 43 ), ExtResource( 44 ), ExtResource( 45 ), ExtResource( 46 ) ],
"loop": true,
"name": "Rolling",
"speed": 36.0
}, {
"frames": [ ExtResource( 51 ) ],
"loop": false,
"name": "Crouching",
"speed": 0.0
}, {
"frames": [ ExtResource( 49 ), ExtResource( 48 ), ExtResource( 47 ), ExtResource( 50 ), ExtResource( 51 ) ],
"loop": false,
"name": "Sliding",
"speed": 24.0
} ]

[sub_resource type="CircleShape2D" id=3]
radius = 23.0

[sub_resource type="CapsuleShape2D" id=4]
radius = 12.0

[node name="Player" type="KinematicBody2D"]
collision_layer = 524288
collision_mask = 0
script = ExtResource( 1 )

[node name="MainFSM" type="Node" parent="."]

[node name="Idle" type="Node" parent="MainFSM"]
script = ExtResource( 2 )

[node name="Running" type="Node" parent="MainFSM"]
script = ExtResource( 4 )

[node name="NormalJumpStart" type="Node" parent="MainFSM"]
script = ExtResource( 7 )

[node name="WallJumpStart1" type="Node" parent="MainFSM"]
script = ExtResource( 18 )

[node name="WallJumpStart2" type="Node" parent="MainFSM"]
script = ExtResource( 5 )

[node name="JumpContinue" type="Node" parent="MainFSM"]
script = ExtResource( 19 )

[node name="Falling" type="Node" parent="MainFSM"]
script = ExtResource( 10 )

[node name="WallSliding" type="Node" parent="MainFSM"]
script = ExtResource( 11 )

[node name="Sliding" type="Node" parent="MainFSM"]
script = ExtResource( 12 )

[node name="Crouching" type="Node" parent="MainFSM"]
script = ExtResource( 16 )

[node name="CollisionManager" type="Node" parent="."]
script = ExtResource( 15 )

[node name="DashManager" type="Node" parent="."]
script = ExtResource( 3 )

[node name="Visuals" type="Node2D" parent="."]

[node name="AnimatedSprites" type="Node2D" parent="Visuals"]

[node name="Outline" type="AnimatedSprite" parent="Visuals/AnimatedSprites"]
frames = SubResource( 1 )
animation = "Sliding"

[node name="NoOutline" type="AnimatedSprite" parent="Visuals/AnimatedSprites"]
frames = SubResource( 2 )
animation = "Sliding"

[node name="AnimationManager" type="Node" parent="Visuals"]
script = ExtResource( 13 )

[node name="ColorTween" type="Tween" parent="Visuals/AnimationManager"]

[node name="SquishManager" type="Node" parent="Visuals"]
script = ExtResource( 87 )

[node name="Tween" type="Tween" parent="Visuals/SquishManager"]

[node name="PowerUpFSM" type="Node" parent="."]
script = ExtResource( 6 )

[node name="SlowdownManager" type="Node" parent="."]
script = ExtResource( 88 )

[node name="CanvasLayer" type="CanvasLayer" parent="SlowdownManager"]
layer = 127

[node name="ColorRect" type="ColorRect" parent="SlowdownManager/CanvasLayer"]
anchor_right = 1.0
anchor_bottom = 1.0
color = Color( 1, 1, 1, 0 )
__meta__ = {
"_edit_use_anchors_": false
}

[node name="TrailManager" type="Node" parent="."]
script = ExtResource( 17 )

[node name="NormalCollisionShape" type="CollisionShape2D" parent="."]
position = Vector2( 0, 0.5 )
shape = SubResource( 3 )
__meta__ = {
"_edit_group_": true
}

[node name="SlidingCollisionShape" type="CollisionShape2D" parent="."]
visible = false
position = Vector2( 0, 11.5 )
rotation = 1.5708
shape = SubResource( 4 )
disabled = true
__meta__ = {
"_edit_group_": true
}

[node name="WallRayCasts" type="Node2D" parent="."]
__meta__ = {
"_edit_lock_": true
}

[node name="Left" type="Node2D" parent="WallRayCasts"]
__meta__ = {
"_edit_lock_": true
}

[node name="Top" type="RayCast2D" parent="WallRayCasts/Left"]
position = Vector2( -15, -20 )
rotation = 1.5708
enabled = true
cast_to = Vector2( 0, 10 )

[node name="Bottom" type="RayCast2D" parent="WallRayCasts/Left"]
position = Vector2( -15, 20 )
rotation = 1.5708
enabled = true
cast_to = Vector2( 0, 10 )

[node name="Right" type="Node2D" parent="WallRayCasts"]
__meta__ = {
"_edit_lock_": true
}

[node name="Top" type="RayCast2D" parent="WallRayCasts/Right"]
position = Vector2( 15, -20 )
rotation = 1.5708
enabled = true
cast_to = Vector2( 0, -10 )

[node name="Bottom" type="RayCast2D" parent="WallRayCasts/Right"]
position = Vector2( 15, 20 )
rotation = 1.5708
enabled = true
cast_to = Vector2( 0, -10 )

[node name="SlidingRayCasts" type="Node2D" parent="."]
__meta__ = {
"_edit_lock_": true
}

[node name="Left" type="RayCast2D" parent="SlidingRayCasts"]
position = Vector2( -20, 0 )
enabled = true
cast_to = Vector2( 0, -20 )

[node name="Right" type="RayCast2D" parent="SlidingRayCasts"]
position = Vector2( 20, 0 )
enabled = true
cast_to = Vector2( 0, -20 )
