[gd_scene load_steps=70 format=2]

[ext_resource path="res://Assets/Sprites/Sawblades/Medium/0020.png" type="Texture" id=1]
[ext_resource path="res://Scripts/Nodes/Spawner.gd" type="Script" id=2]
[ext_resource path="res://Scripts/Nodes/Entities/Obstacles/SawbladePortal.gd" type="Script" id=3]
[ext_resource path="res://Scripts/Nodes/VisualEffects/AnimationStarter.gd" type="Script" id=4]
[ext_resource path="res://Assets/Sprites/Sawblades/Medium/0012.png" type="Texture" id=5]
[ext_resource path="res://Assets/Sprites/Sawblades/Medium/0027.png" type="Texture" id=6]
[ext_resource path="res://Scripts/Nodes/Entities/Obstacles/MovingSawblade.gd" type="Script" id=7]
[ext_resource path="res://Assets/Sprites/Sawblades/Medium/0023.png" type="Texture" id=8]
[ext_resource path="res://Assets/Sprites/Sawblades/Medium/0021.png" type="Texture" id=9]
[ext_resource path="res://Assets/Sprites/Sawblades/Medium/0009.png" type="Texture" id=10]
[ext_resource path="res://Assets/Sprites/Sawblades/Medium/0026.png" type="Texture" id=11]
[ext_resource path="res://Assets/Sprites/SawbladePortal/0002.png" type="Texture" id=12]
[ext_resource path="res://Assets/Sprites/Sawblades/Medium/0016.png" type="Texture" id=13]
[ext_resource path="res://Assets/Sprites/Sawblades/Medium/0029.png" type="Texture" id=14]
[ext_resource path="res://Assets/Sprites/Sawblades/Medium/0022.png" type="Texture" id=15]
[ext_resource path="res://Assets/Sprites/Sawblades/Medium/0018.png" type="Texture" id=16]
[ext_resource path="res://Assets/Sprites/Sawblades/Medium/0010.png" type="Texture" id=17]
[ext_resource path="res://Assets/Sprites/Sawblades/Medium/0004.png" type="Texture" id=18]
[ext_resource path="res://Assets/Sprites/Sawblades/Medium/0013.png" type="Texture" id=19]
[ext_resource path="res://Assets/Sprites/Sawblades/Medium/0011.png" type="Texture" id=20]
[ext_resource path="res://Assets/Sprites/Sawblades/Medium/0017.png" type="Texture" id=21]
[ext_resource path="res://Assets/Sprites/Sawblades/Medium/0005.png" type="Texture" id=22]
[ext_resource path="res://Assets/Sprites/Sawblades/Medium/0014.png" type="Texture" id=23]
[ext_resource path="res://Assets/Sprites/Sawblades/Medium/0006.png" type="Texture" id=24]
[ext_resource path="res://Assets/Sprites/Sawblades/Medium/0008.png" type="Texture" id=25]
[ext_resource path="res://Assets/Sprites/Sawblades/Medium/0015.png" type="Texture" id=26]
[ext_resource path="res://Assets/Sprites/Sawblades/Medium/0001.png" type="Texture" id=27]
[ext_resource path="res://Assets/Sprites/Sawblades/Medium/0030.png" type="Texture" id=28]
[ext_resource path="res://Assets/Sprites/Sawblades/Medium/0028.png" type="Texture" id=29]
[ext_resource path="res://Assets/Sprites/SawbladePortal/0001.png" type="Texture" id=30]
[ext_resource path="res://Assets/Sprites/Sawblades/Medium/0024.png" type="Texture" id=31]
[ext_resource path="res://Assets/Sprites/SawbladePortal/0003.png" type="Texture" id=32]
[ext_resource path="res://Assets/Sprites/Sawblades/Medium/0007.png" type="Texture" id=33]
[ext_resource path="res://Assets/Sprites/Sawblades/Medium/0025.png" type="Texture" id=34]
[ext_resource path="res://Assets/Sprites/Sawblades/Medium/0003.png" type="Texture" id=35]
[ext_resource path="res://Assets/Sprites/Sawblades/Medium/0019.png" type="Texture" id=36]
[ext_resource path="res://Assets/Sprites/Sawblades/Medium/0002.png" type="Texture" id=37]
[ext_resource path="res://Assets/Sprites/SawbladePortal/0004.png" type="Texture" id=38]
[ext_resource path="res://Assets/Sprites/SawbladePortal/0012.png" type="Texture" id=39]
[ext_resource path="res://Assets/Sprites/SawbladePortal/0013.png" type="Texture" id=40]
[ext_resource path="res://Assets/Sprites/SawbladePortal/0014.png" type="Texture" id=41]
[ext_resource path="res://Assets/Sprites/SawbladePortal/0015.png" type="Texture" id=42]
[ext_resource path="res://Assets/Sprites/SawbladePortal/0016.png" type="Texture" id=43]
[ext_resource path="res://Assets/Sprites/SawbladePortal/0017.png" type="Texture" id=44]
[ext_resource path="res://Assets/Sprites/SawbladePortal/0006.png" type="Texture" id=45]
[ext_resource path="res://Assets/Sprites/SawbladePortal/0005.png" type="Texture" id=46]
[ext_resource path="res://Assets/Sprites/SawbladePortal/0007.png" type="Texture" id=47]
[ext_resource path="res://Assets/Sprites/SawbladePortal/0008.png" type="Texture" id=48]
[ext_resource path="res://Assets/Sprites/SawbladePortal/0009.png" type="Texture" id=49]
[ext_resource path="res://Assets/Sprites/SawbladePortal/0010.png" type="Texture" id=50]
[ext_resource path="res://Assets/Sprites/SawbladePortal/0011.png" type="Texture" id=51]
[ext_resource path="res://Assets/Sprites/SawbladePortal/0018.png" type="Texture" id=52]
[ext_resource path="res://Assets/Sprites/SawbladePortal/0019.png" type="Texture" id=53]
[ext_resource path="res://Assets/Sprites/SawbladePortal/0020.png" type="Texture" id=54]
[ext_resource path="res://Assets/Sprites/SawbladePortal/0021.png" type="Texture" id=55]
[ext_resource path="res://Assets/Sprites/SawbladePortal/0022.png" type="Texture" id=56]
[ext_resource path="res://Assets/Sprites/SawbladePortal/0023.png" type="Texture" id=57]
[ext_resource path="res://Assets/Sprites/SawbladePortal/0024.png" type="Texture" id=58]
[ext_resource path="res://Assets/Sprites/SawbladePortal/0025.png" type="Texture" id=59]
[ext_resource path="res://Assets/Sprites/SawbladePortal/0026.png" type="Texture" id=60]
[ext_resource path="res://Assets/Sprites/SawbladePortal/0027.png" type="Texture" id=61]
[ext_resource path="res://Assets/Sprites/SawbladePortal/0028.png" type="Texture" id=62]
[ext_resource path="res://Assets/Sprites/SawbladePortal/0029.png" type="Texture" id=63]
[ext_resource path="res://Assets/Sprites/SawbladePortal/0030.png" type="Texture" id=64]
[ext_resource path="res://Scripts/Nodes/VisualEffects/ColorShifter.gd" type="Script" id=95]

[sub_resource type="SpriteFrames" id=1]
animations = [ {
"frames": [ ExtResource( 30 ), ExtResource( 12 ), ExtResource( 32 ), ExtResource( 38 ), ExtResource( 46 ), ExtResource( 45 ), ExtResource( 47 ), ExtResource( 48 ), ExtResource( 49 ), ExtResource( 50 ), ExtResource( 51 ), ExtResource( 39 ), ExtResource( 40 ), ExtResource( 41 ), ExtResource( 42 ), ExtResource( 43 ), ExtResource( 44 ), ExtResource( 52 ), ExtResource( 53 ), ExtResource( 54 ), ExtResource( 55 ), ExtResource( 56 ), ExtResource( 57 ), ExtResource( 58 ), ExtResource( 59 ), ExtResource( 60 ), ExtResource( 61 ), ExtResource( 62 ), ExtResource( 63 ), ExtResource( 64 ) ],
"loop": true,
"name": "default",
"speed": 24.0
} ]

[sub_resource type="CircleShape2D" id=2]
radius = 70.0

[sub_resource type="SpriteFrames" id=3]
animations = [ {
"frames": [ ExtResource( 27 ), ExtResource( 37 ), ExtResource( 35 ), ExtResource( 18 ), ExtResource( 22 ), ExtResource( 24 ), ExtResource( 33 ), ExtResource( 25 ), ExtResource( 10 ), ExtResource( 17 ), ExtResource( 20 ), ExtResource( 5 ), ExtResource( 19 ), ExtResource( 23 ), ExtResource( 26 ), ExtResource( 13 ), ExtResource( 21 ), ExtResource( 16 ), ExtResource( 36 ), ExtResource( 1 ), ExtResource( 9 ), ExtResource( 15 ), ExtResource( 8 ), ExtResource( 31 ), ExtResource( 34 ), ExtResource( 11 ), ExtResource( 6 ), ExtResource( 29 ), ExtResource( 14 ), ExtResource( 28 ) ],
"loop": true,
"name": "default",
"speed": 30.0
} ]

[sub_resource type="CircleShape2D" id=4]
radius = 60.0

[node name="SawbladePortal" type="StaticBody2D"]
collision_layer = 2
collision_mask = 524288
script = ExtResource( 3 )

[node name="Spawner" type="Node2D" parent="."]
script = ExtResource( 2 )
__meta__ = {
"_edit_lock_": true
}

[node name="AnimatedSprite" type="AnimatedSprite" parent="."]
frames = SubResource( 1 )
script = ExtResource( 4 )

[node name="CollisionShape2D" type="CollisionShape2D" parent="."]
shape = SubResource( 2 )

[node name="MovingSawblade" type="KinematicBody2D" parent="."]
z_index = -1
collision_layer = 2
collision_mask = 524289
script = ExtResource( 7 )

[node name="AnimatedSprite" type="AnimatedSprite" parent="MovingSawblade"]
frames = SubResource( 3 )
script = ExtResource( 4 )

[node name="ColorShifter" type="Node" parent="MovingSawblade/AnimatedSprite"]
script = ExtResource( 95 )

[node name="CollisionShape2D" type="CollisionShape2D" parent="MovingSawblade"]
shape = SubResource( 4 )
