[gd_scene load_steps=35 format=2]

[ext_resource path="res://Assets/Sprites/Sawblades/Small/0001.png" type="Texture" id=1]
[ext_resource path="res://Assets/Sprites/Sawblades/Small/0002.png" type="Texture" id=2]
[ext_resource path="res://Assets/Sprites/Sawblades/Small/0023.png" type="Texture" id=3]
[ext_resource path="res://Assets/Sprites/Sawblades/Small/0021.png" type="Texture" id=4]
[ext_resource path="res://Assets/Sprites/Sawblades/Small/0011.png" type="Texture" id=5]
[ext_resource path="res://Assets/Sprites/Sawblades/Small/0003.png" type="Texture" id=6]
[ext_resource path="res://Assets/Sprites/Sawblades/Small/0005.png" type="Texture" id=7]
[ext_resource path="res://Assets/Sprites/Sawblades/Small/0019.png" type="Texture" id=8]
[ext_resource path="res://Assets/Sprites/Sawblades/Small/0012.png" type="Texture" id=9]
[ext_resource path="res://Assets/Sprites/Sawblades/Small/0006.png" type="Texture" id=10]
[ext_resource path="res://Assets/Sprites/Sawblades/Small/0024.png" type="Texture" id=11]
[ext_resource path="res://Assets/Sprites/Sawblades/Small/0017.png" type="Texture" id=12]
[ext_resource path="res://Assets/Sprites/Sawblades/Small/0014.png" type="Texture" id=13]
[ext_resource path="res://Assets/Sprites/Sawblades/Small/0028.png" type="Texture" id=14]
[ext_resource path="res://Assets/Sprites/Sawblades/Small/0027.png" type="Texture" id=15]
[ext_resource path="res://Assets/Sprites/Sawblades/Small/0025.png" type="Texture" id=16]
[ext_resource path="res://Assets/Sprites/Sawblades/Small/0010.png" type="Texture" id=17]
[ext_resource path="res://Assets/Sprites/Sawblades/Small/0013.png" type="Texture" id=18]
[ext_resource path="res://Assets/Sprites/Sawblades/Small/0029.png" type="Texture" id=19]
[ext_resource path="res://Assets/Sprites/Sawblades/Small/0009.png" type="Texture" id=20]
[ext_resource path="res://Assets/Sprites/Sawblades/Small/0007.png" type="Texture" id=21]
[ext_resource path="res://Assets/Sprites/Sawblades/Small/0016.png" type="Texture" id=22]
[ext_resource path="res://Assets/Sprites/Sawblades/Small/0020.png" type="Texture" id=23]
[ext_resource path="res://Assets/Sprites/Sawblades/Small/0004.png" type="Texture" id=24]
[ext_resource path="res://Assets/Sprites/Sawblades/Small/0022.png" type="Texture" id=25]
[ext_resource path="res://Assets/Sprites/Sawblades/Small/0026.png" type="Texture" id=26]
[ext_resource path="res://Assets/Sprites/Sawblades/Small/0015.png" type="Texture" id=27]
[ext_resource path="res://Assets/Sprites/Sawblades/Small/0018.png" type="Texture" id=28]
[ext_resource path="res://Assets/Sprites/Sawblades/Small/0008.png" type="Texture" id=29]
[ext_resource path="res://Assets/Sprites/Sawblades/Small/0030.png" type="Texture" id=30]
[ext_resource path="res://Scripts/Nodes/VisualEffects/AnimationStarter.gd" type="Script" id=31]
[ext_resource path="res://Scripts/Nodes/VisualEffects/ColorShifter.gd" type="Script" id=32]

[sub_resource type="SpriteFrames" id=1]
animations = [ {
"frames": [ ExtResource( 1 ), ExtResource( 2 ), ExtResource( 6 ), ExtResource( 24 ), ExtResource( 7 ), ExtResource( 10 ), ExtResource( 21 ), ExtResource( 29 ), ExtResource( 20 ), ExtResource( 17 ), ExtResource( 5 ), ExtResource( 9 ), ExtResource( 18 ), ExtResource( 13 ), ExtResource( 27 ), ExtResource( 22 ), ExtResource( 12 ), ExtResource( 28 ), ExtResource( 8 ), ExtResource( 23 ), ExtResource( 4 ), ExtResource( 25 ), ExtResource( 3 ), ExtResource( 11 ), ExtResource( 16 ), ExtResource( 26 ), ExtResource( 15 ), ExtResource( 14 ), ExtResource( 19 ), ExtResource( 30 ) ],
"loop": true,
"name": "default",
"speed": 30.0
} ]

[sub_resource type="CircleShape2D" id=2]
radius = 30.0

[node name="SmallSawblade" type="StaticBody2D"]
collision_layer = 2
collision_mask = 524288

[node name="AnimatedSprite" type="AnimatedSprite" parent="."]
frames = SubResource( 1 )
script = ExtResource( 31 )

[node name="ColorShifter" type="Node" parent="AnimatedSprite"]
script = ExtResource( 32 )

[node name="CollisionShape2D" type="CollisionShape2D" parent="."]
shape = SubResource( 2 )
