[gd_scene load_steps=7 format=2]

[ext_resource path="res://Scripts/Nodes/UI/Mapper.gd" type="Script" id=1]
[ext_resource path="res://Scripts/Nodes/UI/VerticalCenterer.gd" type="Script" id=2]
[ext_resource path="res://Fonts/SettingsFont.tres" type="DynamicFont" id=3]

[sub_resource type="StyleBoxFlat" id=1]
bg_color = Color( 0.12549, 0.12549, 0.12549, 1 )
corner_radius_top_left = 4
corner_radius_top_right = 4
corner_radius_bottom_right = 4
corner_radius_bottom_left = 4

[sub_resource type="StyleBoxFlat" id=2]
bg_color = Color( 0.12549, 0.12549, 0.12549, 1 )
corner_radius_top_left = 4
corner_radius_top_right = 4
corner_radius_bottom_right = 4
corner_radius_bottom_left = 4

[sub_resource type="StyleBoxFlat" id=3]
bg_color = Color( 0.12549, 0.12549, 0.12549, 1 )
corner_radius_top_left = 4
corner_radius_top_right = 4
corner_radius_bottom_right = 4
corner_radius_bottom_left = 4

[node name="Mapper" type="Control"]
margin_right = 1280.0
margin_bottom = 100.0
rect_min_size = Vector2( 1280, 100 )
script = ExtResource( 1 )
__meta__ = {
"_edit_use_anchors_": false
}

[node name="ActionLabel" type="RichTextLabel" parent="."]
margin_right = 500.0
margin_bottom = 80.0
custom_fonts/normal_font = ExtResource( 3 )
bbcode_enabled = true
bbcode_text = "ACTION"
text = "ACTION"
script = ExtResource( 2 )
__meta__ = {
"_edit_use_anchors_": false
}

[node name="BindingLabel" type="RichTextLabel" parent="."]
margin_left = 501.0
margin_right = 801.0
margin_bottom = 80.0
custom_fonts/normal_font = ExtResource( 3 )
bbcode_enabled = true
bbcode_text = "KEY"
text = "KEY"
script = ExtResource( 2 )
__meta__ = {
"_edit_use_anchors_": false
}

[node name="Button" type="Button" parent="."]
margin_left = 801.0
margin_right = 1181.0
margin_bottom = 80.0
custom_styles/hover = SubResource( 1 )
custom_styles/pressed = SubResource( 2 )
custom_styles/normal = SubResource( 3 )
custom_fonts/font = ExtResource( 3 )
custom_colors/font_color_hover = Color( 1, 1, 1, 1 )
custom_colors/font_color_pressed = Color( 1, 1, 1, 1 )
text = "BUTTON"
script = ExtResource( 2 )
__meta__ = {
"_edit_use_anchors_": false
}
