[gd_scene load_steps=25 format=2]

[ext_resource path="res://Assets/Sprites/AirJumpContainer/0014.png" type="Texture" id=2]
[ext_resource path="res://Assets/Sprites/AirJumpContainer/0010.png" type="Texture" id=3]
[ext_resource path="res://Scripts/Nodes/Entities/PowerUps/AirJumpContainer.gd" type="Script" id=7]
[ext_resource path="res://Assets/Sprites/AirJumpContainer/0020.png" type="Texture" id=8]
[ext_resource path="res://Assets/Sprites/AirJumpContainer/0008.png" type="Texture" id=9]
[ext_resource path="res://Assets/Sprites/AirJumpContainer/0015.png" type="Texture" id=11]
[ext_resource path="res://Assets/Sprites/AirJumpContainer/0018.png" type="Texture" id=14]
[ext_resource path="res://Assets/Sprites/AirJumpContainer/0016.png" type="Texture" id=19]
[ext_resource path="res://Assets/Sprites/AirJumpContainer/0013.png" type="Texture" id=21]
[ext_resource path="res://Assets/Sprites/AirJumpContainer/0004.png" type="Texture" id=23]
[ext_resource path="res://Assets/Sprites/AirJumpContainer/0001.png" type="Texture" id=29]
[ext_resource path="res://Assets/Sprites/AirJumpContainer/0006.png" type="Texture" id=30]
[ext_resource path="res://Assets/Sprites/AirJumpContainer/0011.png" type="Texture" id=34]
[ext_resource path="res://Assets/Sprites/AirJumpContainer/0007.png" type="Texture" id=36]
[ext_resource path="res://Assets/Sprites/AirJumpContainer/0009.png" type="Texture" id=37]
[ext_resource path="res://Assets/Sprites/AirJumpContainer/0005.png" type="Texture" id=39]
[ext_resource path="res://Assets/Sprites/AirJumpContainer/0019.png" type="Texture" id=40]
[ext_resource path="res://Assets/Sprites/AirJumpContainer/0017.png" type="Texture" id=41]
[ext_resource path="res://Assets/Sprites/AirJumpContainer/0002.png" type="Texture" id=42]
[ext_resource path="res://Assets/Sprites/AirJumpContainer/0012.png" type="Texture" id=44]
[ext_resource path="res://Assets/Sprites/AirJumpContainer/0003.png" type="Texture" id=48]
[ext_resource path="res://Scripts/Nodes/VisualEffects/AnimationStarter.gd" type="Script" id=52]

[sub_resource type="SpriteFrames" id=1]
animations = [ {
"frames": [ ExtResource( 29 ), ExtResource( 42 ), ExtResource( 48 ), ExtResource( 23 ), ExtResource( 39 ), ExtResource( 30 ), ExtResource( 36 ), ExtResource( 9 ), ExtResource( 37 ), ExtResource( 3 ), ExtResource( 34 ), ExtResource( 44 ), ExtResource( 21 ), ExtResource( 2 ), ExtResource( 11 ), ExtResource( 19 ), ExtResource( 41 ), ExtResource( 14 ), ExtResource( 40 ), ExtResource( 8 ) ],
"loop": true,
"name": "default",
"speed": 24.0
} ]

[sub_resource type="CapsuleShape2D" id=2]
radius = 50.0
height = 40.0

[node name="AirJumpContainer" type="Area2D"]
collision_layer = 0
collision_mask = 524288
script = ExtResource( 7 )

[node name="AnimatedSprite" type="AnimatedSprite" parent="."]
frames = SubResource( 1 )
script = ExtResource( 52 )

[node name="CollisionShape2D" type="CollisionShape2D" parent="."]
rotation = 1.5708
shape = SubResource( 2 )
